@article{Madakam2015,
  doi = {10.7763/ijfcc.2015.v4.395},
  url = {https://doi.org/10.7763/ijfcc.2015.v4.395},
  year  = {2015},
  publisher = {{EJournal} Publishing},
  volume = {4},
  number = {4},
  pages = {250--253},
  author = {Somayya Madakam},
  title = {Internet of Things: Smart Things},
  journal = {International Journal of Future Computer and Communication}
}
