@book{soucek2000smart,
  title={The smart kitchen project-an application of fieldbus technology to domotics},
  author={Soucek, Stefan and Russ, Gerhard and Tamarit, Clara},
  year={2000},
  publisher={Citeseer}
}
