@article{Kamilaris2011,
  doi = {10.1504/ijahuc.2011.040115},
  url = {https://doi.org/10.1504/ijahuc.2011.040115},
  year  = {2011},
  publisher = {Inderscience Publishers},
  volume = {7},
  number = {3},
  pages = {145},
  author = {Andreas Kamilaris and Andreas Pitsillides and Vlad Trifa},
  title = {The Smart Home meets the Web of Things},
  journal = {International Journal of Ad Hoc and Ubiquitous Computing}
}
